<?xml version="1.0" encoding="UTF-8"?><record xmlns="http://www.loc.gov/MARC21/slim" xmlns:cinclude="http://apache.org/cocoon/include/1.0" xmlns:zs="http://www.loc.gov/zing/srw/">
  <leader>00491nz  a2200145n  4500</leader>
  <controlfield tag="001">no2012140518</controlfield>
  <controlfield tag="003">DLC</controlfield>
  <controlfield tag="005">20121028075244.0</controlfield>
  <controlfield tag="008">121026n| acannaabn          |n aaa     c</controlfield>
  <datafield tag="010" ind1=" " ind2=" ">
    <subfield code="a">no2012140518</subfield>
  </datafield>
  <datafield tag="035" ind1=" " ind2=" ">
    <subfield code="a">(OCoLC)oca09334639</subfield>
  </datafield>
  <datafield tag="040" ind1=" " ind2=" ">
    <subfield code="a">NNFr</subfield>
    <subfield code="b">eng</subfield>
    <subfield code="c">NNFr</subfield>
  </datafield>
  <datafield tag="100" ind1="1" ind2=" ">
    <subfield code="a">Longo, Piero,</subfield>
    <subfield code="d">1943-</subfield>
  </datafield>
  <datafield tag="670" ind1=" " ind2=" ">
    <subfield code="a">La cultura figurativa nel Palazzo Reale di Palermo, c2011:</subfield>
    <subfield code="b">t.p. (Piero Longo) back cover flap (b. Altavilla Milicia, 1943; art historian, poet, journalist)</subfield>
  </datafield>
  <datafield tag="675" ind1=" " ind2=" ">
    <subfield code="a">VIAF, Oct. 25, 2012</subfield>
  </datafield>
</record>